
@Book{ Konnor,
	author = "Коннор Дж., Бреббиа К. ",
	title = "Метод конечных элементов в механике жидкости",
	publisher = "Л.: Судостроение",
	year = "1979",
	pages = "264",
	volume = "1",
	language = "russian",
}

@Book{ Anderson,
	author = "Андерсон Д., Таннехилл Дж., Плетчер Р",
	title = "Вычислительная гидромеханика и теплообмен",
	publisher = "М. Мир",
	year = "1990",
	pages = "384",
	volume = "1",
	language = "russian",
}

@Book{ Fletcher:1991:VMD,
	author = "Флетчер, К.",
	title = "Вычислительные методы в динамике жидкостей",
	publisher = "М. Мир",
	year = "1991",
	pages = "504",
	volume = "1",
	language = "russian",
	abstract = "Двухтомник по современной вычислительной гидродинамике, написанный известным австралийским специалистом. Анализ задач проводится с позиций получения численного решения, выделяются актуальные нерешенные проблемы. Приводятся программы на Фортране, реализующие излагаемые методы. Двухтомник может использоваться и для решения сложных практических задач, и как учебное пособие по вычислительной гидродинамике."
}

@Book{ Bahvalov,
	author = "Бахвалов Н.С., Жидков Н.П., Кобельков Г.М.",
	title = "Численные методы",
	publisher = "Москва. Наука",
	year = "1975",
	pages = "632",
	language = "russian",
}

@Book{ Aleekseev,
	author = "Алексеев, Е.Р. and Чеснокова, О.В. and Рудченко, Е.А.",
	title = "Scilab: Решение инженерных и математических задач",
	publisher = "М.: ALT Linux; БИНОМ. Лаборатория знаний",
	year = "2008",
	pages = "260",
	language = "russian",
}


@Book{ Pontragin,
	author = "Понтрягин Л.С.",
	title = "Обыкновенные дифференциальные уравнения",
	publisher = "Москва. Наука",
	year = "1974",
	pages = "331",
	language = "russian"
}


@Book{ Zenkevih,
	author = "Зенкевич О., Морган К",
	title = "Конечные элементы и аппроксимация",
	publisher = "Москва. Мир",
	year = "1986",
	pages = "318",
	language = "russian"
}

@Electronic{ Pankratovvmvv,
	title = "{Введение в методы взвешенных невязок}",
	medium = {Electronic resource},
	author = "Панкратов И.А.",
	url = "http://www.sgu.ru/sites/default/files/textdocsfiles/2013/12/10/fem_introduction.pdf",
	urldate = "15.01.2014",
	language = "russian"
}
@Electronic{ PankratovSciLab,
	title = "{Scilab. Первые шаги}",
	medium = {Electronic resource},
	author = "Панкратов И.А.",
	url = "http://www.sgu.ru/sites/default/files/textdocsfiles/2013/12/10/scilab_first_steps.pdf",
	urldate = "25.01.2014",
	language = "russian"
}

@Electronic{ Scilab,
	title = "Scilab [Электронный ресурс]",
	medium = {Electronic resource},
	url = "http://scilab.org",
	urldate = "15.01.2014",
	language = "russian"
}
