
@Book{Konnor:1979:MKE_Fluid,
	author = "Коннор, Дж. and Бреббиа, К.",
	title = "Метод конечных элементов в механике жидкости",
	publisher = "Л.: Судостроение",
	year = "1979",
	pages = "264",
	language = "russian",
}

@Book{ Zenkevich:1986:KE_Approx,
	author = "Зенкевич, О. and Морган, К.",
	title = "Конечные элементы и аппроксимация",
	publisher = "М.: Мир",
	year = "1986",
	pages = "318",
	language = "russian",
}

@Book{ Fletcher:1991:Fluid_Dyn,
	author = "Флетчер, К.",
	title = "Вычислительные методы в~динамике жидкостей",
	volume = "1",
	publisher = "М.: Мир",
	year = "1991",
	pages = "504",
	language = "russian",
}

@Book{ Fletcher:1991:Fluid_Dyn_2,
	author = "Флетчер, К.",
	title = "Вычислительные методы в~динамике жидкостей",
	volume = "2",
	publisher = "М.: Мир",
	year = "1991",
	pages = "552",
	language = "russian",
}


@Book{ Alekseev,
	author = "Алексеев, Е.Р. and Чеснокова, О.В. and Рудченко, Е.А.",
	title = "Scilab: Решение инженерных и математических задач",
	publisher = "М.: ALT Linux; БИНОМ. Лаборатория знаний",
	year = "2008",
	pages = "260",
	language = "russian",
}


@Electronic{ Pankratov:2012:Scilab_First_steps,
	title = "Панкратов, И.А. Scilab. Первые шаги [Электронный ресурс]",
	url = "http://www.sgu.ru/sites/default/files/textdocsfiles/2013/12/10/scilab_first_steps.pdf",
	urldate = "25.03.2014",
	language = "russian"
}

@Electronic{ Pankratov:2012:FEM_Introduction,
	title = "Панкратов, И.А. Введение в методы взвешенных невязок [Электронный ресурс]",
	url = "http://www.sgu.ru/sites/default/files/textdocsfiles/2013/12/10/fem_introduction.pdf",
	urldate = "25.03.2014",
	language = "russian"
}

@Electronic{ Scilab::site,
	title = "Scilab [Электронный ресурс]",
	url = "http://scilab.org",
	urldate = "25.03.2014",
	language = "russian"
}

@Book{ Peire:1986:Vych_met_MJ,
	author = "Пейре, Р. and Тейлор, Т. Д.",
	title = "Вычислительные методы в задачах механики жидкости",
	publisher = "Л.: Гидрометеоиздат",
	year = "1986",
	pages = "352",
	language = "russian",
}

@Book{ Vladimirov:1981:UMF,
	author = "Владимиров, В. С.",
	title = "Уравнения математической физики",
	publisher = "М.: Наука",
	year = "1981",
	pages = "512",
	language = "russian",
}
