@Book{ Alekseev,
	author = "Алексеев, Е.Р. and Чеснокова, О.В. and Рудченко, Е.А.",
	title = "Scilab: Решение инженерных и математических задач",
	publisher = "М.: ALT Linux; БИНОМ. Лаборатория знаний",
	year = "2008",
	numpages = "260",
	language = "russian",
}

@Book{ Andr_scilab,
	author = "Андриевский, А.Б. and Андриевский, Б.Р. and Капитонов, А.А. and Фрадков, А.Л.",
	title = "Решение инженерных задач в среде Scilab",
	publisher = "СПб.: НИУ ИТМО",
	year = "2013",
	numpages = "97",
	language = "russian",
}

@Book{ Bahvalov,
	author = "Бахвалов, Н.С. and Жидков, Н.П. and Кобельков, Г.М.",
	title = "Численные методы",
	publisher = "М.: БИНОМ. Лаборатория знаний",
	year = "2003",
	numpages = "640",
	language = "russian",
}


@Book{ Demidovich,
	author = "Демидович, Б.П. and Марон, И.А. and Шувалова, Э.З.",
	title = "Численные методы анализа: приближение функций, дифференциальные и интегральные уравнения",
	publisher = "М.: Наука",
	year = "1967",
	numpages = "368",
	language = "russian",
}


, ,  

@Book{ Bellman,
	author = "Беллман, Р.",
	title = "Динамическое программирование",
	publisher = "М.: Иностранная литература",
	year = "1960",
	numpages = "400",
	language = "russian",
}

@Book{Volkov,
	author = "Волков, Е.А.",
	title = "Численные методы",
	publisher = "М.: Наука",
	numpages = "248",
	year = "1987",
	language = {russian}
}


@Book{Krotov,
	author = "Кротов, В.Ф., and Лагоша, Б.А. and Лобанов, С.М. and  Данилина, Н.И. and Сергеев, С.И.",
	title = "Основы теории оптимального управления",
	publisher = "М.: Высшая школа",
	year = "1990",
	numpages = "432",
	language = "russian",
}

@Book{Krasovsky,
	editor = "Красовского, А.А.",
	title = "Справочник по теории автоматического управления",
	publisher = "М.: Наука",
	year = "1987",
	numpages = "712",
	language = "russian",
}

@Book{Moiseev,
	author = "Моисеев, Н.Н.",
	title = "Численные методы в теории оптимальных систем",
	publisher = "М.: Наука",
	numpages = "424",
	year = "1971",
	language = {russian}
}

@Book{Arnold_ODE,
	author = "Арнольд, В.И. ",
	title = "Обыкновенные дифференциальные уравнения",
	publisher = "Ижевск: Ижевская республиканская типография",
	numpages = "368",
	year = "2000",
	language = {russian}
}

@Book{Roitenberg,
	author = "Ройтенберг, Я.Н.",
	title = "Автоматическое управление",
	publisher = "М.: Наука",
	numpages = "396",
	year = "1971",
	language = {russian}
}

@Electronic{ Pankratov:2012:Scilab_First_steps,
	title = "Панкратов, И.А. Scilab. Первые шаги [Электронный ресурс]",
	url = "http://www.sgu.ru/sites/default/files/textdocsfiles/2013/12/10/scilab_first_steps.pdf",
	urldate = "25.01.2015",
	language = "russian"
}

@Electronic{ Scilab::site,
	title = "Scilab [Электронный ресурс]",
	url = "http://scilab.org",
	urldate = "25.01.2015",
	language = "russian"
}

@Book{Kurosh,
	author = "Курош, А.Г.",
	title = "Курс высшей алгебры",
	publisher = "М.: Наука",
	year = "1965",
	numpages = "431",
	language = "russian",
}


@Book{Pontryagin:1983:Matem_theory,
	author = "Понтрягин, Л.С., and Болтянский, В.Г. and Гамкрелидзе, Р.В. and  Мищенко, Е.Ф.",
	title = "Математическая теория оптимальных процессов",
	publisher = "М.: Наука",
	year = "1983",
	numpages = "393",
	language = "russian",
}

@Book{Sapunkov:2001:Chisl_issl_SAU,
	author = "Сапунков, Я.Г.",
	title = "Численное исследование систем автоматического управления",
	publisher = "Саратов: Изд-во Сарат. ун-та",
	year = "2001",
	numpages = "24",
	language = "russian",
}


@Book{ Fihtengolc_1,
	author = "Фихтенгольц, Г.М.",
	title = "Основы математического анализа",
	publisher = "М.: Наука",
	volume = 1,
	year = "1968",
	numpages = "440",
	language = "russian",
}

@Book{ Fihtengolc::Kurs_diff_integr_ischisl_1,
	author = "Фихтенгольц, Г.М.",
	title = "Курс дифференциального и интегрального исчисления",
	publisher = "М.: Физматлит",
	volume = "1",
	year = "2001",
	numpages = "616",
	language = "russian",
}


@Book{ Fedorenko,
	author = "Федоренко, Р.П.",
	title = "Приближенное решение задач оптимального управления",
	publisher = "М.: Наука",
	year = "1978",
	numpages = "488",
	language = "russian",
}


@Book{ Vasiliev,
	author = "Васильев, Ф.П.",
	title = "Численные методы решения экстремальных задач",
	publisher = "М.: Наука",
	year = "1988",
	numpages = "552",
	language = "russian",
}
