
@Book{ Chelnokov:2006:Kvat_Bikvat,
	author = "Челноков, Ю. Н.",
	title = "Кватернионные и бикватернионные модели и методы механики твёрдого тела и их приложения",
	publisher = "М.: Физматлит",
	year = "2006",
	pages = "512",
	language = "russian",
}

@Book{ Branetz_Shmyglevsky:1973:Prim_Kvat_orient,
	author = "Бранец, В. Н., and Шмыглевский, И. П.",
	title = "Применение кватернионов в задачах ориентации твердого тела",
	publisher = "М.: Наука",
	year = "1973",
	pages = "320",
	language = "russian",
}

@Book{ Chelnokov:2006:Kvat_Bikvat,
	author = "Челноков, Ю. Н.",
	title = "Кватернионные и бикватернионные модели и методы механики твёрдого тела и их приложения",
	publisher = "М.: Физматлит",
	year = "2006",
	pages = "512",
	language = "russian",
}

@Book{ Branetz_Shmyglevsky:1973:Prim_Kvat_orient,
	author = "Бранец, В. Н., and Шмыглевский, И. П.",
	title = "Применение кватернионов в задачах ориентации твердого тела",
	publisher = "М.: Наука",
	year = "1973",
	pages = "320",
	language = "russian",
}

@Electronic{ Pankratov:2012:Scilab_First_steps,
	title = "Панкратов, И.А. Scilab. Первые шаги [Электронный ресурс]",
	url = "http://www.sgu.ru/sites/default/files/textdocsfiles/2013/12/10/scilab_first_steps.pdf",
	urldate = "25.01.2014",
	language = "russian"
}

@Electronic{ Scilab::site,
	title = "Scilab [Электронный ресурс]",
	url = "http://scilab.org",
	urldate = "25.01.2014",
	language = "russian"
}

@Book{Pontryagin:1983:Matem_theory,
	author = "Понтрягин, Л. С., and Болтянский, В. Г. and Гамкрелидзе, Р. В. and  Мищенко, Е. Ф.",
	title = "Математическая теория оптимальных процессов",
	publisher = "М.: Наука",
	year = "1983",
	pages = "393",
	language = "russian",
}

@Book{Sapunkov:2001:Chisl_issl_SAU,
	author = "Сапунков, Я. Г.",
	title = "Численное исследование систем автоматического управления",
	publisher = "Саратов: Изд-во Сарат. ун-та",
	year = "2001",
	pages = "24",
	language = "russian",
}


@ARTICLE{Chelnokov:2001:Prim_kvat_1,
  AUTHOR =       "Челноков, Ю. Н.",
  TITLE =        "Применение кватернионов в задачах оптимального управления движением центра масс космического аппарата в ньютоновском гравитационном поле. Ч. 1",
  JOURNAL =      "Космические исследования",
  YEAR =         "2001",
  volume =       "39",
  number =       "5",
  pages =        "502--517",
  language = {russian}
}

@ARTICLE{Chelnokov:2003:Prim_kvat_2,
  AUTHOR =       "Челноков, Ю. Н.",
  TITLE =        "Применение кватернионов в задачах оптимального управления движением центра масс космического аппарата в ньютоновском гравитационном поле. Ч. 2",
  JOURNAL =      "Космические исследования",
  YEAR =         "2003",
  volume =       "41",
  number =       "1",
  pages =        "92--107",
  language = {russian}
}

@ARTICLE{Chelnokov:2003:Prim_kvat_3,
  AUTHOR =       "Челноков, Ю. Н.",
  TITLE =        "Применение кватернионов в задачах оптимального управления движением центра масс космического аппарата в ньютоновском гравитационном поле. Ч. 3",
  JOURNAL =      "Космические исследования",
  YEAR =         "2003",
  volume =       "41",
  number =       "5",
  pages =        "460--477",
  language = {russian}
}

@ARTICLE{Chelnokov:2007:Zadacha_o_vstreche,
  AUTHOR =       "Челноков, Ю. Н. and Афанасьева,  Ю. В.",
  TITLE =        "Задача о встрече в центральном ньютоновском гравитационном поле управляемого космического аппарата с неуправляемым космическим аппаратом, движущимся по эллиптической кеплеровской орбите",
  JOURNAL =      "Известия РАН. Теория и системы управления",
  YEAR =         "2007",
  number =       "3",
  pages =        "164--179",
  language = {russian}
}
