
@Book{ Konnor:1979:MKE_Fluid,
	author = "Коннор, Дж. and Бреббиа, К.",
	title = "Метод конечных элементов в механике жидкости",
	publisher = "Л.: Судостроение",
	year = "1979",
	pages = "264",
	language = "russian",
}

@Book{ Zenkevich:1986:KE_Approx,
	author = "Зенкевич, О. and Морган, К.",
	title = "Конечные элементы и аппроксимация",
	publisher = "М.: Мир",
	year = "1986",
	pages = "318",
	language = "russian",
}

@Book{ Fletcher:1991:Fluid_Dyn,
	author = "Флетчер, К.",
	title = "Вычислительные методы в~динамике жидкостей",
	volume = "1",
	publisher = "М.: Мир",
	year = "1991",
	pages = "504",
	language = "russian",
}

@Book{ Fletcher:1991:Fluid_Dyn_2,
	author = "Флетчер, К.",
	title = "Вычислительные методы в~динамике жидкостей",
	volume = "2",
	publisher = "М.: Мир",
	year = "1991",
	pages = "552",
	language = "russian",
}

@Book{ Sedov:1970:MSS,
	author = "Седов, Л. И.",
	title = "Механика сплошной среды",
	volume = "1",
	publisher = "М.: Наука",
	year = "1970",
	pages = "492",
	language = "russian",
}

@Book{ Alekseev:2008:Scilab,
	author = "{Алексеев, Е. Р.} and {Чеснокова, О. В.} and {Рудченко Е. А.}",
	title = "Scilab. Решение инженерных и математических задач",
	publisher = "М.: ALT Linux, Бином. Лаборатория знаний",
	year = "2008",
	pages = "269",
	language = "russian",
}

@Book{ Peire:1986:Vych_met_MJ,
	author = "Пейре, Р. and Тейлор, Т. Д.",
	title = "Вычислительные методы в задачах механики жидкости",
	publisher = "Л.: Гидрометеоиздат",
	year = "1986",
	pages = "352",
	language = "russian",
}

@Book{ Pissanecki:1988:Tehnologiya_razr_matric,
	author = "Писсанецки, С.",
	title = "Технология разреженных матриц",
	publisher = "М.: Мир",
	year = "1988",
	pages = "410",
	language = "russian",
}

@Book{Tewarson:1977:Sparce_matrices,
	author = "Тьюарсон, Р.",
	title = "Разреженные матрицы",
	publisher = "М.: Мир",
	year = "1977",
	pages = "172",
	language = "russian",
}

@Electronic{ Pankratov:2012:Scilab_First_steps,
	title = "Панкратов, И. А. Scilab. Первые шаги [Электронный ресурс]",
	url = "http://www.sgu.ru/sites/default/files/textdocsfiles/2013/12/10/scilab_first_steps.pdf",
	urldate = "25.01.2014",
	language = "russian"
}

@Electronic{ Pankratov:2012:FEM_Introduction,
	title = "Панкратов, И. А. Введение в методы взвешенных невязок [Электронный ресурс]",
	url = "http://www.sgu.ru/sites/default/files/textdocsfiles/2013/12/10/fem_introduction.pdf",
	urldate = "25.01.2014",
	language = "russian"
}

@Electronic{ Scilab::site,
	title = "Scilab: официальный сайт [Электронный ресурс]",
	url = "http://www.scilab.org",
	urldate = "25.01.2014",
	language = "russian"
}

@Book{ Bahvalov::1975::Chisl_met,
	author = "Бахвалов Н.С., Жидков Н.П., Кобельков Г.М.",
	title = "Численные методы",
	publisher = "М.: Наука",
	year = "1975",
	pages = "632",
	language = "russian",
}

@Book{ Fihtengolc::2003::Kurs_diff_integr_ischisl_2,
	author = "{Фихтенгольц~Г.М.}",
	title = "Курс дифференциального и интегрального исчисления",
	publisher = "М.: Физматлит",
	volume = "2",
	year = "2003",
	pages = "864",
	language = "russian",
}

@Book{ Fihtengolc::2003::Kurs_diff_integr_ischisl_3,
	author = "{Фихтенгольц~Г.М.}",
	title = "Курс дифференциального и интегрального исчисления",
	publisher = "М.: Физматлит",
	volume = "3",
	year = "2003",
	pages = "728",
	language = "russian",
}

@Book{Ilin_Poznyak::1999::Analitycal_geometry,
	author = "Ильин, В.А. and Позняк, Э.Г.",
	title = "Аналитическая геометрия",
	publisher = "М.: Физматлит",
	year = "1999",
	pages = "224",
	language = "russian",
}

@Book{Ilin_Poznyak::1999::Lineynaya_algebra,
	author = "Ильин, В.А. and Позняк, Э.Г.",
	title = "Линейная алгебра",
	publisher = "М.: Физматлит",
	year = "1999",
	pages = "297",
	language = "russian",
}


@Book{Samarsky_Popov::1992::Raznostnye_metody,
	author = "Самарский, А.А. and Попов, Ю.П.",
	title = "Разностные методы решения задач газовой динамики",
	publisher = "М.: Наука",
	year = "1992",
	pages = "424",
	language = "russian",
}

@Book{Anderson_Tannehill_Pletcher::1990::Vych_gidromech_teplo_1,
	author = "Андерсон Д., Таннехилл Дж., Плетчер Р",
	title = "Вычислительная гидромеханика и теплообмен",
	publisher = "М. Мир",
	year = "1990",
	pages = "384",
	volume = "1",
	language = "russian",
}

@Book{Anderson_Tannehill_Pletcher::1990::Vych_gidromech_teplo_2,
	author = "Андерсон Д., Таннехилл Дж., Плетчер Р",
	title = "Вычислительная гидромеханика и теплообмен",
	publisher = "М. Мир",
	year = "1990",
	pages = "392",
	volume = "2",
	language = "russian",
}
