 @Book{Guide_Celestial_Mechanics_Astrodynamics,
   author    = "Абалакин, В. К. and Аксенов, Е. П. and Гребенников, Е. А.",
   title     = "Справочное руководство по~небесной механике и астродинамике",
   publisher = "Наука",
   year	   = "1976",
   numpages  = "864", 
   address   = "М.",
   language  = "russian"
}

@Book{Celestial_Mechanics_Main_Tasks_Methods,
   author    = "Дубошин, Г. Н.",
   title     = "Небесная механика. Основные задачи и~методы",
   publisher = "Наука",
   year	   = "1968",
   numpages  = "799", 
   address   = "М.",
   language  = "russian"
}

   
@Book{Control_SC,
   author    = "Алексеев, К. Б.",
   title     = "Управление космическими летательными аппаратами",
   publisher = "Машиностроение",
   year	     = "1974",
   numpages  = "343", 
   address   = "М.",
   language  = "russian"
}


@Article{Forming_Correction_High_Elliptic_Orbit_Sputnik_Earth_Low_Thrust_Engine,
    author = "Ишков, С. А. and Романенко, В. А.",
    title = "Формирование и коррекция высокоэллиптической орбиты спутника Земли с~двигателем
 малой тяги",
    year = "1997",
    journal = "Космические исследования",
    volume = "35. -- Вып.~3",
    pages = "287-296",
    language  = "russian"
}

@Article{Optimal_Control_Motion_SC_Non_Central_Earth_Gravitational_Field,
    author = "Сапунков, Я. Г.",
    title = "Оптимальное управление движением космического аппарата в~нецентральном поле 
    гравитации Земли",
    year = "2005. -- Вып.~7",
    journal = "Математика. Механика: Сб. науч. тр.",
    pages = "192-195",
    language  = "russian"
}


@Book{ Branec,
	author = "Бранец, В. Н. and Шмыглевский, И. П.",
	title = " Применение кватернионов в задачах ориентации твердого тела",
	publisher = "М.: Наука",
	pages = "320",
	year = "1973",
	language = {russian}
}

@Book{ Chelnokov_monography,
	author = "Челноков, Ю. Н.",
	title = "Кватернионные и бикватернионные модели и методы механики твердого тела и их приложения. Геометрия и кинематика движения",
	publisher = "М.: ФИЗМАТЛИТ",
	pages = "512",
	year = "2006",
	language = {russian}
}

@Article{ Chelnokov_article_1,
	author = "Челноков, Ю. Н.",
	title = "Применение кватернионов в задачах оптимального управления движением центра масс космического аппарата в ньютоновском гравитационном поле. Ч. 1",
	journal = "Космические исследования",
	number = "1",
	pages = "502--517",
	year = "2001",
	volume = "39",
	language = {russian}
}

@Article{ Chelnokov_article_2,
	author = "Челноков, Ю. Н.",
	title = "Применение кватернионов в задачах оптимального управления движением центра масс космического аппарата в ньютоновском гравитационном поле. Ч. 2",
	journal = "Космические исследования",
	number = "1",
	pages = "92--107",
	year = "2003",
	volume = "41",
	language = {russian}
}

@Article{ Chelnokov_article_3,
	author = "Челноков, Ю. Н.",
	title = "Применение кватернионов в задачах оптимального управления движением центра масс космического аппарата в ньютоновском гравитационном поле. Ч. 3",
	journal = "Космические исследования",
	number = "5",
	pages = "460--477",
	year = "2003",
	volume = "41",
	language = {russian}
}

@Article{Usage_Quat_Theory_Orbital_Motion_Sputnik_1,
    author = "Челноков, Ю. Н.",
    title = "Применение кватернионов в~теории орбитального движения спутника. I",
    year = "1992",
    journal = "Космические исследования",
    volume = "30. -- Вып.~6",
    pages = "759-770",
    language  = "russian"
}

@Article{Usage_Quat_Theory_Orbital_Motion_Sputnik_2,
    author = "Челноков, Ю. Н.",
    title = "Применение кватернионов в~теории орбитального движения спутника. II",
    year = "1993",
    journal = "Космические исследования",
    volume = "31. -- Вып.~3",
    pages = "3-15.",
    language  = "russian"
}

@Book{ Sapunkov,
	author = "Сапунков, Я. Г.",
	title = "Численное исследование систем автоматического управления",
	publisher = " Саратов: Изд-во Сарат. ун-та",
	pages = "24",
	year = "2001",
	language = {russian}
}


@Book{Pontriagin_2,
	author = "Понтрягин, Л. С. and Болтянский, В. Г. and Гамкрелидзе, Р. В. and Мищенко, Е. Ф.",
	title = "Математическая теория оптимальных процессов",
	publisher = "М.: Наука",
	pages = "393",
	year = "1983",
	language = {russian}
}


@Article{ Chelnokov_article_8,
	author = "Челноков, Ю. Н.",
	title = "Оптимальная переориентация орбиты космического аппарата посредством реактивной тяги, ортогональной плоскости орбиты",
	journal = "Математика. Механика: Сб. науч. тр",
	pages = "231--234",
	year = "2006. -- Вып. 8",
	language = {russian}
}

@Article{ Chelnokov_article_9,
	author = "Челноков, Ю. Н.",
	title = "Анализ оптимального управления движением точки в гравитационном поле с ипользованием кватернионов",
	journal = "Изв. РАН. Теория и системы управления",
	number = "5",
	pages = "18--44",
	year = "2007",
	language = {russian}
}

@Book{Moiseev,
	author = "Моисеев, Н. Н.",
	title = "Численные методы в теории оптимальных систем",
	publisher = "М.: Наука",
	pages = "424",
	year = "1971",
	language = {russian}
}

@Article{Pankratov_Lambda,
    author = "Панкратов, И. А. and Челноков, Ю. Н.",
    title = "Об одной задаче оптимальной переориентации орбиты космического аппарата",
    year = "2012",
    journal = "Известия СГУ. Нов. Сер. Сер. Математика. Механика. Информатика",
    volume = "12. -- Вып.~3",
    pages = "87-95.",
    language  = "russian"
}

@Article{Usage_KS_Variables_Task_Optimal_Control_SC,
    author = "Сапунков, Я. Г.",
    title = "Применение KS-переменных к задаче оптимального управления космическим аппаратом",
    year = "1996",
    journal = "Космические исследования",
    volume = "34. -- Вып.~4",
    pages = "428-433",
    language  = "russian"
}

@Article{Quat_Elements_Orbit_Task_Optimal_Control_Meeting_Two_SC,
    author = "Сапунков, Я. Г.",
    title = "Кватернионные элементы орбиты в~задаче оптимального управление для встречи 
  двух космических аппаратов",
    year = "2002. -- Вып.~4",
    journal = "Математика. Механика: Сб. науч. тр.",
    pages = "210-213",
    language  = "russian"
}